@misc{cnas-presentation,
  key = {CNAS-Presentation},
  title = "{Presentation of CNAS}",
  howpublished = "Retrieved from \url{https://www.cnas.dz/}",
  note = {CNAS. (n.d.)},
  year = {2023}
}


@misc{laravel,
  author = "{Laravel}",
  title = "{Laravel Documentation}",
  howpublished = "Retrieved from \url{https://www.laravel.com/}",
  year = {2023}
}